@article{Paragios2016,
    title = {{(Hyper)-graphical models in biomedical image analysis}},
    year = {2016},
    journal = {Medical Image Analysis},
    author = {Paragios, Nikos and Ferrante, Enzo and Glocker, Ben and Komodakis, Nikos and Parisot, Sarah and Zacharaki, Evangelia I.},
    pages = {102--106},
    volume = {33},
    publisher = {Elsevier B.V.},
    doi = {10.1016/j.media.2016.06.028},
    issn = {13618423},
    keywords = {(Hyper)graphs, Graph cuts, Image segmentation, Linear programming, Message passing, Random fields, Shape {\&} volume registration}
}

@article{Computing2016,
    title = {{20th anniversary of the Medical Image Analysis journal (MedIA)}},
    year = {2016},
    journal = {Medical Image Analysis},
    author = {Computing, Medical Image and Intervention, Computer Assisted},
    pages = {1--3},
    volume = {33},
    doi = {10.1016/j.media.2016.07.004},
    issn = {13618423}
}

@article{Horton2010,
    title = {{A meshless Total Lagrangian explicit dynamics algorithm for surgical simulation}},
    year = {2010},
    journal = {INTERNATIONAL JOURNAL FOR NUMERICAL METHODS IN BIOMEDICAL ENGINEERING},
    author = {Horton, Ashley and Wittek, Adam and Joldes, Grand Roman and Miller, Karol},
    number = {March},
    pages = {997--998},
    volume = {26},
    url = {http://knowledgebase.terrafrica.org/fileadmin/user_upload/terrafrica/docs/Final_Rockefeller_Report4April08.pdf},
    isbn = {9789264086869},
    doi = {10.1002/cnm},
    issn = {13979884},
    pmid = {19861133},
    keywords = {biomechanics, explicit dynamics, meshless methods, total lagrangian formulation}
}

@article{Phellan2019,
    title = {{A methodology for generating four-dimensional arterial spin labeling MR angiography virtual phantoms}},
    year = {2019},
    journal = {Medical Image Analysis},
    author = {Phellan, Renzo and Lindner, Thomas and Helle, Michael and Falc{\~{a}}o, Alexandre X. and Okell, Thomas W. and Forkert, Nils D.},
    pages = {184--192},
    volume = {56},
    publisher = {Elsevier B.V.},
    url = {https://doi.org/10.1016/j.media.2019.06.002},
    doi = {10.1016/j.media.2019.06.002},
    issn = {13618423},
    keywords = {Angiography, Arterial spin labeling, Blood flow analysis, Cerebrovascular imaging, Phantom models}
}

@article{Viergever2016,
    title = {{A survey of medical image registration – under review}},
    year = {2016},
    journal = {Medical Image Analysis},
    author = {Viergever, Max A. and Maintz, J. B.Antoine and Klein, Stefan and Murphy, Keelin and Staring, Marius and Pluim, Josien P.W.},
    pages = {140--144},
    volume = {33},
    publisher = {Elsevier B.V.},
    doi = {10.1016/j.media.2016.06.030},
    issn = {13618423},
    keywords = {Medical image registration}
}

@article{Schnabel2016,
    title = {{Advances and challenges in deformable image registration: From image fusion to complex motion modelling}},
    year = {2016},
    journal = {Medical Image Analysis},
    author = {Schnabel, Julia A. and Heinrich, Mattias P. and Papie{\.{z}}, Bartłomiej W. and Brady, Sir J.Michael},
    pages = {145--148},
    volume = {33},
    doi = {10.1016/j.media.2016.06.031},
    issn = {13618423},
    pmid = {27364430},
    keywords = {Demons, Discrete optimization, Multi-modality, Registration uncertainty, Sliding motion, Supervoxels}
}

@article{Suinesiaputra2016,
    title = {{Cardiac image modelling: Breadth and depth in heart disease}},
    year = {2016},
    journal = {Medical Image Analysis},
    author = {Suinesiaputra, Avan and McCulloch, Andrew D. and Nash, Martyn P. and Pontre, Beau and Young, Alistair A.},
    pages = {1339--1351},
    volume = {33},
    publisher = {Elsevier B.V.},
    url = {http://dx.doi.org/10.1016/j.media.2016.06.027},
    doi = {10.1016/j.media.2016.06.027},
    issn = {13618423},
    keywords = {Biomechanics, Cardiac atlases, Computational modelling}
}

@article{Deriche2016,
    title = {{Computational brain connectivity mapping: A core health and scientific challenge}},
    year = {2016},
    journal = {Medical Image Analysis},
    author = {Deriche, Rachid},
    pages = {122--126},
    volume = {33},
    doi = {10.1016/j.media.2016.06.003},
    issn = {13618423},
    keywords = {Brain mapping, Diffusion MRI, EEG, MEG, Networks, Structural and functional brain connectivity}
}

@article{Davatzikos2016,
    title = {{Computational neuroanatomy using brain deformations: From brain parcellation to multivariate pattern analysis and machine learning}},
    year = {2016},
    journal = {Medical Image Analysis},
    author = {Davatzikos, Christos},
    pages = {149--154},
    volume = {33},
    publisher = {Elsevier B.V.},
    url = {http://dx.doi.org/10.1016/j.media.2016.06.026},
    doi = {10.1016/j.media.2016.06.026},
    issn = {13618423},
    keywords = {Brain image analysis, Computational neuroanatomy, Machine learning, Pattern analysis}
}

@article{Joskowicz2016,
    title = {{Computer Aided Orthopaedic Surgery: Incremental shift or paradigm change?}},
    year = {2016},
    journal = {Medical Image Analysis},
    author = {Joskowicz, Leo and Hazan, Eric J.},
    pages = {84--90},
    volume = {33},
    publisher = {Elsevier B.V.},
    url = {http://dx.doi.org/10.1016/j.media.2016.06.036},
    doi = {10.1016/j.media.2016.06.036},
    issn = {13618423},
    keywords = {Computer Aided Orthopaedic Surgery, Image guided surgery, Medical robotics, Review article for 20th anniversary issue}
}

@article{V2016,
    title = {{Editorial Board}},
    year = {2016},
    journal = {Medical Image Analysis},
    author = {V, Published Elsevier B and Antipolis, Inria Sophia and Duncan, J},
    pages = {IFC},
    volume = {33},
    doi = {10.1016/s1361-8415(16)30140-2},
    issn = {13618415}
}

@article{Weese2016,
    title = {{Four challenges in medical image analysis from an industrial perspective}},
    year = {2016},
    journal = {Medical Image Analysis},
    author = {Weese, Jürgen and Lorenz, Cristian},
    pages = {1339--1351},
    volume = {33},
    doi = {10.1016/j.media.2016.06.023},
    issn = {13618423},
    keywords = {Anatomical models, Ground truth generation, Heterogeneous data, Medical image analysis technologies}
}

@article{Hawkes2016,
    title = {{From clinical imaging and computational models to personalised medicine and image guided interventions}},
    year = {2016},
    journal = {Medical Image Analysis},
    author = {Hawkes, David J.},
    pages = {50--55},
    volume = {33},
    publisher = {Elsevier B.V.},
    doi = {10.1016/j.media.2016.06.022},
    issn = {13618423},
    keywords = {Image guided interventions, Image registration, Medical image analysis}
}

@article{Ourselin2016,
    title = {{From computer-assisted intervention research to clinical impact: The need for a holistic approach}},
    year = {2016},
    journal = {Medical Image Analysis},
    author = {Ourselin, Sébastien and Emberton, Mark and Vercauteren, Tom},
    pages = {72--78},
    volume = {33},
    doi = {10.1016/j.media.2016.06.018},
    issn = {13618423},
    keywords = {Computer-assisted intervention, Health technology assessment, Medical devices, Valley of death}
}

@article{Mori2016,
    title = {{From macro-scale to micro-scale computational anatomy: a perspective on the next 20 years}},
    year = {2016},
    journal = {Medical Image Analysis},
    author = {Mori, Kensaku},
    pages = {159--164},
    volume = {33},
    publisher = {Elsevier B.V.},
    url = {http://dx.doi.org/10.1016/j.media.2016.06.034},
    doi = {10.1016/j.media.2016.06.034},
    issn = {13618423},
    keywords = {Micro-CT, Micro-computational anatomy, Micro-structure analysis, Virtual navigation}
}

@article{Madabhushi2016,
    title = {{Image analysis and machine learning in digital pathology: Challenges and opportunities}},
    year = {2016},
    journal = {Medical Image Analysis},
    author = {Madabhushi, Anant and Lee, George},
    pages = {170--175},
    volume = {33},
    publisher = {Elsevier B.V.},
    doi = {10.1016/j.media.2016.06.037},
    issn = {13618423},
    pmid = {27423409},
    keywords = {Deep learning, Digital pathology, Omics, Radiology}
}

@article{Szekely2016,
    title = {{Image guidance in orthopaedics and traumatology: A historical perspective}},
    year = {2016},
    journal = {Medical Image Analysis},
    author = {Sz{\'{e}}kely, Gabor and Nolte, Lutz P.},
    pages = {79--83},
    volume = {33},
    doi = {10.1016/j.media.2016.06.033},
    issn = {13618423},
    keywords = {Computer assisted interventions, Image guided surgery, Neurosurgery, Orthopaedics, Traumatology}
}

@article{Peters2016,
    title = {{Image-guided interventions and computer-integrated therapy: Quo vadis?}},
    year = {2016},
    journal = {Medical Image Analysis},
    author = {Peters, Terry M. and Linte, Cristian A.},
    pages = {56--63},
    volume = {33},
    publisher = {Elsevier B.V.},
    doi = {10.1016/j.media.2016.06.004},
    issn = {13618423},
    keywords = {Image-guided interventions, Navigation, Surgical workflow, Tracking, Virtual reality, Visualization}
}

@article{Barillot2016,
    title = {{Imaging biomarkers in multiple Sclerosis: From image analysis to population imaging}},
    year = {2016},
    journal = {Medical Image Analysis},
    author = {Barillot, Christian and Edan, Gilles and Commowick, Olivier},
    pages = {134--139},
    volume = {33},
    publisher = {Elsevier B.V.},
    url = {http://dx.doi.org/10.1016/j.media.2016.06.017},
    doi = {10.1016/j.media.2016.06.017},
    issn = {13618423},
    keywords = {Diffusion MRI, Imaging biomarkers, Medical image analysis, Mri, Multiple sclerosis, Segmentation}
}

@article{Kapur2016,
    title = {{Increasing the impact of medical image computing using community-based open-access hackathons: The NA-MIC and 3D Slicer experience}},
    year = {2016},
    journal = {Medical Image Analysis},
    author = {Kapur, Tina and Pieper, Steve and Fedorov, Andriy and Fillion-Robin, J. C. and Halle, Michael and O'Donnell, Lauren and Lasso, Andras and Ungi, Tamas and Pinter, Csaba and Finet, Julien and Pujol, Sonia and Jagadeesan, Jayender and Tokuda, Junichi and Norton, Isaiah and Estepar, Raul San Jose and Gering, David and Aerts, Hugo J.W.L. and Jakab, Marianna and Hata, Nobuhiko and Ibanez, Luiz and Blezek, Daniel and Miller, Jim and Aylward, Stephen and Grimson, W. Eric L. and Fichtinger, Gabor and Wells, William M. and Lorensen, William E. and Schroeder, Will and Kikinis, Ron},
    pages = {176--180},
    volume = {33},
    publisher = {Elsevier B.V.},
    url = {http://dx.doi.org/10.1016/j.media.2016.06.035},
    doi = {10.1016/j.media.2016.06.035},
    issn = {13618423},
    keywords = {3D Slicer, Hackathon, Medical image computing, NA-MIC, Open access, Open science, Open source, Project week, Reproducible research}
}

@article{Zhang2016a,
    title = {{Large-Scale medical image analytics: Recent methodologies, applications and Future directions}},
    year = {2016},
    journal = {Medical Image Analysis},
    author = {Zhang, Shaoting and Metaxas, Dimitris},
    pages = {98--101},
    volume = {33},
    publisher = {Elsevier B.V.},
    url = {http://dx.doi.org/10.1016/j.media.2016.06.010},
    doi = {10.1016/j.media.2016.06.010},
    issn = {13618423},
    keywords = {Image retrieval, Large-scale, Medical image analytics, Segmentation, Visual analytics}
}

@article{Rueckert2016,
    title = {{Learning clinically useful information from images: Past, present and future}},
    year = {2016},
    journal = {Medical Image Analysis},
    author = {Rueckert, Daniel and Glocker, Ben and Kainz, Bernhard},
    pages = {1339--1351},
    volume = {33},
    publisher = {Elsevier B.V.},
    url = {http://dx.doi.org/10.1016/j.media.2016.06.009},
    doi = {10.1016/j.media.2016.06.009},
    issn = {13618423},
    keywords = {Intelligent imaging, Machine learning, Semantic imaging}
}

@article{Gerig2016,
    title = {{Longitudinal modeling of appearance and shape and its potential for clinical use}},
    year = {2016},
    journal = {Medical Image Analysis},
    author = {Gerig, Guido and Fishbaugh, James and Sadeghi, Neda},
    pages = {114--121},
    volume = {33},
    publisher = {Elsevier B.V.},
    url = {http://dx.doi.org/10.1016/j.media.2016.06.014},
    doi = {10.1016/j.media.2016.06.014},
    issn = {13618423},
    keywords = {Longitudinal imaging, Mixed-effects modeling, Shape analysis, Shape regression}
}

@article{DeBruijne2016,
    title = {{Machine learning approaches in medical image analysis: From detection to diagnosis}},
    year = {2016},
    journal = {Medical Image Analysis},
    author = {de Bruijne, Marleen},
    pages = {94--97},
    volume = {33},
    publisher = {Elsevier B.V.},
    url = {http://dx.doi.org/10.1016/j.media.2016.06.032},
    doi = {10.1016/j.media.2016.06.032},
    issn = {13618423},
    keywords = {Classification, Computer aided diagnosis, Machine learning, Transfer learning}
}

@article{Criminisi2016,
    title = {{Machine learning for medical images analysis}},
    year = {2016},
    journal = {Medical Image Analysis},
    author = {Criminisi, A.},
    pages = {91--93},
    volume = {33},
    publisher = {Elsevier B.V.},
    url = {http://dx.doi.org/10.1016/j.media.2016.06.002},
    doi = {10.1016/j.media.2016.06.002},
    issn = {13618423},
    keywords = {Decision forests, Machine learning, Training data}
}

@inproceedings{Raaen2018,
    title = {{Measuring latency in virtual reality systems}},
    year = {2015},
    booktitle = {Lecture Notes in Computer Science (including subseries Lecture Notes in Artificial Intelligence and Lecture Notes in Bioinformatics)},
    author = {Raaen, Kjetil},
    pages = {457--462},
    volume = {9353},
    url = {https://hal.inria.fr/hal-01758473},
    doi = {10.1007/978.3.319.24589.8.40},
    issn = {16113349},
    keywords = {Framerate, Latency, Mixed reality, Virtual reality}
}

@article{Wells2016,
    title = {{Medical Image Analysis – past, present, and future}},
    year = {2016},
    journal = {Medical Image Analysis},
    author = {Wells, William M.},
    pages = {1339--1351},
    volume = {33},
    publisher = {Elsevier B.V.},
    doi = {10.1016/j.media.2016.06.013},
    issn = {13618423},
    keywords = {Analysis, Editorial, Image, Medical}
}

@article{Niessen2016,
    title = {{MR brain image analysis in dementia: From quantitative imaging biomarkers to ageing brain models and imaging genetics}},
    year = {2016},
    journal = {Medical Image Analysis},
    author = {Niessen, Wiro J.},
    pages = {107--113},
    volume = {33},
    publisher = {Elsevier B.V.},
    doi = {10.1016/j.media.2016.06.029},
    issn = {13618423},
    keywords = {Ageing brain models, Computer aided diagnosis, Dementia, Imaging genetics, Machine learning, Population imaging, Quantitative imaging biomarker}
}

@article{Aggarwal2019,
    title = {{Multivariate graph learning for detecting aberrant connectivity of dynamic brain networks in autism}},
    year = {2019},
    journal = {Medical Image Analysis},
    author = {Aggarwal, Priya and Gupta, Anubha},
    pages = {11--25},
    volume = {56},
    publisher = {Elsevier B.V.},
    url = {https://doi.org/10.1016/j.media.2019.05.007},
    doi = {10.1016/j.media.2019.05.007},
    issn = {13618423},
    keywords = {Autism, Dynamic functional connectivity, Overlapping networks, Resting-state brain networks, fMRI}
}

@article{Brady2016,
    title = {{Oncological image analysis}},
    year = {2016},
    journal = {Medical Image Analysis},
    author = {Brady, Sir Michael and Highnam, Ralph and Irving, Benjamin and Schnabel, Julia A.},
    pages = {7--12},
    volume = {33},
    publisher = {Elsevier B.V.},
    doi = {10.1016/j.media.2016.06.012},
    issn = {13618423},
    keywords = {Angiogenesis, Cancer, Mammography, Molecular imaging, Radiotherapy}
}

@article{Ungi2016,
    title = {{Open-source platforms for navigated image-guided interventions}},
    year = {2016},
    journal = {Medical Image Analysis},
    author = {Ungi, Tamas and Lasso, Andras and Fichtinger, Gabor},
    pages = {181--186},
    volume = {33},
    publisher = {Elsevier B.V.},
    doi = {10.1016/j.media.2016.06.011},
    issn = {13618423},
    keywords = {Image-guided therapy, Interventions, Opensource, Surgical navigation}
}

@article{Wittek2007,
    title = {{Patient-specific model of brain deformation: Application to medical image registration}},
    year = {2007},
    journal = {Journal of Biomechanics},
    author = {Wittek, Adam and Miller, Karol and Kikinis, Ron and Warfield, Simon K.},
    number = {4},
    pages = {919--929},
    volume = {40},
    doi = {10.1016/j.jbiomech.2006.02.021},
    issn = {00219290},
    keywords = {Brain, Explicit time integration, Finite element method, Geometric and material non-linearity, Image registration}
}

@article{Navab2016,
    title = {{Personalized, relevance-based Multimodal Robotic Imaging and augmented reality for Computer Assisted Interventions}},
    year = {2016},
    journal = {Medical Image Analysis},
    author = {Navab, Nassir and Fellow, Miccai and Hennersperger, Christoph and Frisch, Benjamin and F{\"{u}}rst, Bernhard},
    pages = {64--71},
    volume = {33},
    publisher = {Elsevier B.V.},
    url = {http://dx.doi.org/10.1016/j.media.2016.06.021},
    doi = {10.1016/j.media.2016.06.021},
    issn = {13618423},
    keywords = {Augmented reality, Computer assisted interventions, Multimodal imaging and visualization, Robotic imaging}
}

@article{Frangi2016,
    title = {{Precision Imaging: more descriptive, predictive and integrative imaging}},
    year = {2016},
    journal = {Medical Image Analysis},
    author = {Frangi, Alejandro F. and Taylor, Zeike A. and Gooya, Ali},
    pages = {27--32},
    volume = {33},
    publisher = {Elsevier B.V.},
    doi = {10.1016/j.media.2016.06.024},
    issn = {13618423},
    keywords = {Image-based modelling, Mechanistic modeling, Model-based imaging, Phenomenological modeling, Precision Imaging, Precision Medicine}
}

@article{Sammarco2007,
    title = {{Programmable electronic and hardwired emergency shutdown systems: A quantified safety analysis}},
    year = {2007},
    journal = {IEEE Transactions on Industry Applications},
    author = {Sammarco, John J.},
    number = {4},
    pages = {1061--1068},
    volume = {43},
    isbn = {0780392086},
    doi = {10.1109/TIA.2007.900477},
    issn = {00939994},
    keywords = {Electronics, Emergency shutdown systems (ESDs), Mining safety, Programmable electronics (PE)}
}

@article{Sonka2016,
    title = {{Quantitative analysis of retinal OCT}},
    year = {2016},
    journal = {Medical Image Analysis},
    author = {Sonka, Milan and Abr{\`{a}}moff, Michael D.},
    pages = {165--169},
    volume = {33},
    publisher = {Elsevier B.V.},
    url = {http://dx.doi.org/10.1016/j.media.2016.06.001},
    doi = {10.1016/j.media.2016.06.001},
    issn = {13618423},
    keywords = {Choroid, LOGISMOS, Optical coherence tomography (OCT), Quantitative medical imaging, Retina, Visual function}
}

@article{Sokooti2019,
    title = {{Quantitative error prediction of medical image registration using regression forests}},
    year = {2019},
    journal = {Medical Image Analysis},
    author = {Sokooti, Hessam and Saygili, Gorkem and Glocker, Ben and Lelieveldt, Boudewijn P.F. and Staring, Marius},
    pages = {110--121},
    volume = {56},
    publisher = {Elsevier B.V.},
    doi = {10.1016/j.media.2019.05.005},
    issn = {13618423},
    arxivId = {1905.07624},
    keywords = {Image registration, Registration accuracy, Regression forests, Uncertainty estimation}
}

@article{AlisonNoble2016,
    title = {{Reflections on ultrasound image analysis}},
    year = {2016},
    journal = {Medical Image Analysis},
    author = {Alison Noble, J.},
    pages = {33--37},
    volume = {33},
    publisher = {Elsevier B.V.},
    url = {http://dx.doi.org/10.1016/j.media.2016.06.015},
    doi = {10.1016/j.media.2016.06.015},
    issn = {13618423},
    keywords = {Ultrasound, Ultrasound image analysis}
}

@article{TinsleyOden2003,
    title = {{Research directions in computational mechanics}},
    year = {2003},
    journal = {Computer Methods in Applied Mechanics and Engineering},
    author = {Tinsley Oden, J. and Belytschko, Ted and Babuska, Ivo and Hughes, T. J.R.},
    number = {7-8},
    pages = {913--922},
    volume = {192},
    doi = {10.1016/S0045-7825(02)00616-3},
    issn = {00457825}
}

@article{Comaniciu2016,
    title = {{Shaping the future through innovations: From medical imaging to precision medicine}},
    year = {2016},
    journal = {Medical Image Analysis},
    author = {Comaniciu, Dorin and Engel, Klaus and Georgescu, Bogdan and Mansi, Tommaso},
    pages = {19--26},
    volume = {33},
    publisher = {Elsevier B.V.},
    url = {http://dx.doi.org/10.1016/j.media.2016.06.016},
    doi = {10.1016/j.media.2016.06.016},
    issn = {13618423},
    keywords = {Artificial intelligence for image parsing, Computational modelling, Heart valves modelling, Photorealistic rendering}
}

@article{Mangin2016,
    title = {{Spatial normalization of brain images and beyond}},
    year = {2016},
    journal = {Medical Image Analysis},
    author = {Mangin, J. F. and Lebenberg, J. and Lefranc, S. and Labra, N. and Auzias, G. and Labit, M. and Guevara, M. and Mohlberg, H. and Roca, P. and Guevara, P. and Dubois, J. and Leroy, F. and Dehaene-Lambertz, G. and Cachia, A. and Dickscheid, T. and Coulon, O. and Poupon, C. and Rivi{\`{e}}re, D. and Amunts, K. and Sun, Z. Y.},
    pages = {127--133},
    volume = {33},
    publisher = {Elsevier B.V.},
    url = {http://dx.doi.org/10.1016/j.media.2016.06.008},
    doi = {10.1016/j.media.2016.06.008},
    issn = {13618423},
    keywords = {Connectome, Cortical folding pattern, Diffeomorphism, Spatial normalization}
}

@article{Zhang2016,
    title = {{Statistical shape analysis: From landmarks to diffeomorphisms}},
    year = {2016},
    journal = {Medical Image Analysis},
    author = {Zhang, Miaomiao and Golland, Polina},
    pages = {155--158},
    volume = {33},
    publisher = {Elsevier B.V.},
    url = {http://dx.doi.org/10.1016/j.media.2016.06.025},
    doi = {10.1016/j.media.2016.06.025},
    issn = {13618423},
    keywords = {Diffeomorphisms, Landmarks, Shape variability, Statistical shape analysis}
}

@article{Joldes2019,
    title = {{Suite of meshless algorithms for accurate computation of soft tissue deformation for surgical simulation}},
    year = {2019},
    journal = {Medical Image Analysis},
    author = {Joldes, Grand and Bourantas, George and Zwick, Benjamin and Chowdhury, Habib and Wittek, Adam and Agrawal, Sudip and Mountris, Konstantinos and Hyde, Damon and Warfield, Simon K. and Miller, Karol},
    pages = {152--171},
    volume = {56},
    publisher = {Elsevier B.V.},
    url = {https://doi.org/10.1016/j.media.2019.06.004},
    doi = {10.1016/j.media.2019.06.004},
    issn = {13618423},
    arxivId = {1903.04760},
    keywords = {Meshless Total Lagrangian Explicit Dynamics, Nonlinear computational mechanics, Soft tissues, Surgical simulation}
}

@article{Sinha2019,
    title = {{The deformable most-likely-point paradigm}},
    year = {2019},
    journal = {Medical Image Analysis},
    author = {Sinha, Ayushi and Billings, Seth D. and Reiter, Austin and Liu, Xingtong and Ishii, Masaru and Hager, Gregory D. and Taylor, Russell H.},
    pages = {148--164},
    volume = {55},
    publisher = {Elsevier B.V.},
    url = {https://doi.org/10.1016/j.media.2019.04.013},
    doi = {10.1016/j.media.2019.04.013},
    issn = {13618423},
    keywords = {Deformable most-likely-point paradigm, Deformable registration, Shape inference, Statistical shape models}
}

@article{Wei2014,
    title = {{Three-dimensional virtual reality simulation of periarticular tumors using Dextroscope reconstruction and simulated surgery : A preliminary 10-case study}},
    year = {2014},
    journal = {Medical Science Monitor},
    author = {Wei, Yibing and Wang, Siqun and Wu, Jianguo and Chen, Feiyan},
    pages = {1043--1050},
    url = {http://www.medscimonit.com/download/index/idArt/889770},
    doi = {10.12659/MSM.8897770},
    keywords = {Computer Simulation, Reconstruction, Virtual Reality Exposure Therapy, Virtual Surgery}
}

@article{Miller2007,
    title = {{Total Lagrangian explicit dynamics finite element algorithm for computing soft tissue deformation}},
    year = {2007},
    journal = {Communications In Numerical Methods In Engineering},
    author = {Miller, Karol and Joldes, Grand and Lance, Dane and Wittek, Adam},
    number = {August 2006},
    pages = {53},
    volume = {4179},
    url = {https://onlinelibrary.wiley.com/doi/epdf/10.1002/cnm.887},
    isbn = {9789264086869},
    doi = {10.1002/cnm},
    issn = {13979884},
    pmid = {19861133},
    keywords = {explicit time integration, finite element method, lagrangian formulation, soft tissues, surgical simulation, total}
}

@inproceedings{10.1007/978-1-4419-9619-0_7,
    title = {{Total Lagrangian Explicit Dynamics-Based Simulation of Tissue Tearing}},
    year = {2011},
    booktitle = {Computational Biomechanics for Medicine},
    author = {Vemaganti, Kumar and Joldes, Grand R and Miller, Karol and Wittek, Adam},
    editor = {Wittek, Adam and Nielsen, Poul M F and Miller, Karol},
    pages = {63--72},
    publisher = {Springer New York},
    address = {New York, NY},
    isbn = {978-1-4419-9619-0}
}

@article{Rubinstein2019,
    title = {{Unsupervised tumor detection in Dynamic PET/CT imaging of the prostate}},
    year = {2019},
    journal = {Medical Image Analysis},
    author = {Rubinstein, Eldad and Salhov, Moshe and Nidam-Leshem, Meital and White, Valerie and Golan, Shay and Baniel, Jack and Bernstine, Hanna and Groshar, David and Averbuch, Amir},
    pages = {27--40},
    volume = {55},
    publisher = {Elsevier B.V.},
    url = {https://doi.org/10.1016/j.media.2019.04.001},
    doi = {10.1016/j.media.2019.04.001},
    issn = {13618423},
    keywords = {Autoencoder, Density estimation, Kinetic modeling, PET, Prostate}
}

@article{Spicer2004,
    title = {{Virtual Reality Neurosurgery: A Simulator Blueprint}},
    year = {2004},
    journal = {Neurosurgery},
    author = {Spicer, Mark A. and Van Velsen, Martin and Caffrey, John P. and Apuzzo, Michael L.J. and Kelly, Patrick J. and Black, Peter Mc L. and Benzel, Edward C. and Adler, John R.},
    number = {4},
    pages = {783--798},
    volume = {54},
    doi = {10.1227/01.NEU.0000114139.16118.F2},
    issn = {0148396X},
    keywords = {Collision detection, Computational modeling, Simulation architecture, Speech recognition, Surgical simulation, Tissue fracture}
}

@article{Baxter2014AutonomousDesign,
    title = {{Autonomous Hexacopter Software Design}},
    year = {2014},
    author = {Baxter, Michael},
    number = {October}
}

@article{Targhagh2014Autonomous,
    title = {{Autonomous Navigation of Unmanned Aerial Vehicles ( October 2014 )}},
    year = {2014},
    author = {Targhagh, O and Background, A},
    number = {October}
}

@article{Mazur2014AutonomousProcessing,
    title = {{Autonomous operation and control of a Multirotor Unmanned Aerial Vehicle through 4G LTE using onboardGPS and image processing}},
    year = {2014},
    author = {Mazur, Alexander},
    url = {http://robotics.ee.uwa.edu.au/theses/2014-Hexacopter-Interface-Mazur.pdf}
}

@article{Mohanty2015BachelorProject,
    title = {{Bachelor of Engineering Final Thesis Report Hexacopter project}},
    year = {2015},
    author = {Mohanty, Manish and Braunl, Thomas and Croft, Christopher}
}

@book{Wittek2011ComputationalSystem,
    title = {{Computational Biomechanics for Medicine, Soft Tissues and the Musculoskeletal System}},
    year = {2011},
    booktitle = {Springer},
    author = {Wittek, Adam and Nielsen, Poul M.F. and Miller, Karol},
    number = {9},
    pages = {1689--1699},
    volume = {53},
    isbn = {9788578110796},
    doi = {10.1017/CBO9781107415324.004},
    issn = {1098-6596},
    pmid = {25246403},
    arxivId = {arXiv:1011.1669v3},
    keywords = {icle}
}

@article{Downing2015ComputerVehicles,
    title = {{Computer Vision Assisted Unmanned Aerial Vehicles}},
    year = {2015},
    author = {Downing, Brett and Croft, Chris}
}

@article{Connor2013DevelopingTechniques,
    title = {{Developing a Multicopter Uav Platform To Carry Out Research Into Autonomous Behaviours , Using on- Board Image Processing Techniques}},
    year = {2013},
    author = {Connor, Rory O}
}

@article{TrainingFunctionalSafety,
    title = {{Functional Safety}},
    author = {Training, Functional Safety},
    pages = {1--37}
}

@article{ano2004FunctionalGuide,
    title = {{Functional safety and IEC 61508 : A basic guide}},
    year = {2004},
    author = {{ano}},
    number = {May},
    pages = {1--99},
    url = {https://www.google.com/url?sa=t&rct=j&q=&esrc=s&source=web&cd=1&cad=rja&uact=8&ved=0ahUKEwi9x4Oky6TNAhUEKcAKHQZ2BQIQFggfMAA&url=http%3A%2F%2Fwebarchive.nationalarchives.gov.uk%2F20111005155017%2Fhttp%3A%2Fwww.dft.gov.uk%2Fpgr%2Frail%2Fpassenger%2Ffranchis}
}

@misc{IECISO-EN-13849.pdf,
    title = {{IEC 61508 versus EN 62061 ISO-EN-13849.pdf}}
}

@article{Venables2013MultirotorProcessing,
    title = {{Multirotor Unmanned Aerial Vehicle Autonomous Operation in an Industrial Environment using On-‐board Image Processing}},
    year = {2013},
    author = {Venables, Christopher},
    number = {November},
    url = {http://robotics.ee.uwa.edu.au/theses/2013-Multirotor-Venables.pdf}
}

@article{Miller2010NewSimulation,
    title = {{New Finite Element Algorithm for Surgical Simulation}},
    year = {2010},
    journal = {32nd Annual International Conference of the IEEE EMBS},
    author = {Miller, K and Joldes, G and Wittek, A},
    url = {http://image2006.cmm.uchile.cl/papers/miller-joldes.pdf}
}

@article{Tan2015Real-timeVehicle,
    title = {{Real-time point of interest identification on a Multirotor Unmanned Aerial Vehicle}},
    year = {2015},
    author = {Tan, Jeremy and Chroft, Chris and Braunl, Thomas},
    number = {12},
    pages = {124312},
    volume = {137},
    url = {http://www.ncbi.nlm.nih.gov/pubmed/23020336},
    doi = {10.1063/1.4754131},
    issn = {1089-7690},
    pmid = {23020336}
}

@article{SafetyElectronics,
    title = {{Safety framework for programmable electronics}}
}

@article{GiroudSafetyShare,
    title = {{Safety Share}},
    author = {Giroud, Brett}
}